@article{koren2009matrix,
  title={Matrix factorization techniques for recommender systems},
  author={Koren, Yehuda and Bell, Robert and Volinsky, Chris},
  journal={Computer},
  volume={42},
  number={8},
  pages={30--37},
  year={2009},
  publisher={IEEE}
}
@article{zhou2007bipartite,
  title={Bipartite network projection and personal recommendation},
  author={Zhou, Tao and Ren, Jie and Medo, Mat{\'u}{\v{s}} and Zhang, Yi-Cheng},
  journal={Physical review E},
  volume={76},
  number={4},
  pages={046115},
  year={2007},
  publisher={APS}
}
@inproceedings{sawant2013collaborative,
  title={Collaborative filtering using weighted bipartite graph projection: a recommendation system for yelp},
  author={Sawant, Sumedh},
  booktitle={Proceedings of the CS224W: Social and information network analysis conference},
  volume={33},
  year={2013}
}
@article{ting2013yelp,
  title={Yelp Recommendation System},
  author={Ting, Jason and Ramaswamy, Swaroop Indra},
  year={2013}
}

@inproceedings{hu2008collaborative,
  title={Collaborative filtering for implicit feedback datasets},
  author={Hu, Yifan and Koren, Yehuda and Volinsky, Chris},
  booktitle={2008 Eighth IEEE International Conference on Data Mining},
  pages={263--272},
  year={2008},
  organization={Ieee}
}
@inproceedings{kupisz2015collaborative,
  title={Collaborative filtering recommendation algorithm based on Hadoop and Spark},
  author={Kupisz, Bartosz and Unold, Olgierd},
  booktitle={2015 IEEE International Conference on Industrial Technology (ICIT)},
  pages={1510--1514},
  year={2015},
  organization={IEEE}
}
@misc{st446lecturenotes,
  title={LSE ST446 Lecture Notes Week9},
  address={https://github.com/lse-st446/lectures2021/blob/main/Week09/lse-st446-lecture8.pdf},
  author={Vojnovic, Milan},
  year={2021}
}

@book{needham2019graph,
  title={Graph Algorithms: Practical Examples in Apache Spark and Neo4j},
  author={Needham, Mark and Hodler, Amy E},
  year={2019},
  publisher={O'Reilly Media}
}
@article{breese2013empirical,
  title={Empirical analysis of predictive algorithms for collaborative filtering},
  author={Breese, John S and Heckerman, David and Kadie, Carl},
  journal={arXiv preprint arXiv:1301.7363},
  year={2013}
}
@inproceedings{shang2008personal,
  title={Personal recommendation using weighted bipartite graph projection},
  author={Shang, Ming-Sheng and Fu, Yan and Chen, Duan-Bin},
  booktitle={2008 International Conference on Apperceiving Computing and Intelligence Analysis},
  pages={198--202},
  year={2008},
  organization={IEEE}
}




